<?xml version="1.0" encoding="UTF-8"?><collection xmlns="http://www.loc.gov/MARC21/slim"><record><leader>00451nam--2200133-i-4500</leader><controlfield tag="001">000007667</controlfield><controlfield tag="002">20161230</controlfield><controlfield tag="005">20170302171341</controlfield><controlfield tag="008">060222s1000------------r-----000-0-eng-d</controlfield><datafield ind1=" " ind2=" " tag="245"><subfield code="a">The education of a physicist. An account of the International Conference on the education of professional physicists, London, 15-21, July, 1965</subfield></datafield><datafield ind1=" " ind2=" " tag="260"><subfield code="a">Edinburgh</subfield><subfield code="b">Oliver &amp; Boyd</subfield><subfield code="c">1966</subfield></datafield><datafield ind1=" " ind2=" " tag="300"><subfield code="a">X + 185 p</subfield></datafield><datafield ind1=" " ind2=" " tag="700"><subfield code="a">Clarke, Norman</subfield></datafield><datafield ind1=" " ind2=" " tag="CAT"><subfield code="a">SYS</subfield><subfield code="c">20170302</subfield><subfield code="h">171341</subfield></datafield></record></collection>